%% This BibTeX bibliography file was created using BibDesk.
%% http://bibdesk.sourceforge.net/


%% Created for Toni Cortes at 2017-10-05 14:52:08 +0200 


%% Saved with string encoding Unicode (UTF-8) 


@article{tejedor2017pycompss,
  title= "Pycompss: Parallel computational workflows in python",
  author= "Tejedor, Enric and Becerra, Yolanda and Alomar, Guillem and Queralt, Anna and Badia, Rosa M and Torres, Jordi and Cortes, Toni and Labarta, Jesús",
  journal= "The International Journal of High Performance Computing Applications",
  volume= "31",
  number= "1",
  pages= "66 - 82",
  year = "2017",
  doi = "https://doi.org/10.1177/1094342015594678",
  publisher = "Sage Publications Sage UK: London, England"
}

@article{BADIA201532,
title = "COMP Superscalar, an interoperable programming framework",
journal = "SoftwareX",
volume = "3-4",
pages = "32 - 36",
year = "2015",
issn = "2352-7110",
doi = "https://doi.org/10.1016/j.softx.2015.10.004",
author = "Rosa M. Badia and Javier Conejero and Carlos Diaz and Jorge Ejarque and Daniele Lezzi and Francesc Lordan and Cristian Ramon-Cortes and Raul Sirvent",
keywords = "Parallel programming models, Interoperability, Scientific computing"
}

@article{MARTI2017129,
title = "Dataclay: A distributed data store for effective inter-player data sharing",
journal = "Journal of Systems and Software",
volume = "131",
pages = "129 - 145",
year = "2017",
issn = "0164-1212",
doi = "https://doi.org/10.1016/j.jss.2017.05.080",
author = "Jonathan Martí and Anna Queralt and Daniel Gasull and Alex Barceló and Juan José Costa and Toni Cortes",
keywords = "Data sharing, Distributed databases, NoSQL, Storage systems"
}

@article{MartiFraiz2017,
author = {{Mart{\'{i}} Fraiz}, Jonathan},
file = {::},
journal = {TDX (Tesis Doctorals en Xarxa)},
keywords = {004,Data,Data integration,Data sharing,Database management systems,Multi,Object oriented persistence,intensive workflows,provider storage,{\`{A}}rees tem{\`{a}}tiques de la UPC::Inform{\`{a}}tica},
month = {mar},
publisher = {Universitat Polit{\`{e}}cnica de Catalunya},
title = {{dataClay : next generation object storage}},
url = {http://www.tdx.cat/handle/10803/405907},
year = {2017}
}
