
@inproceedings{Queralt2015,
author = {Queralt, Anna and Mart{\'{i}}, Jonathan and Baars, Henning and Brinkmann, Andre and Cortes, Toni},
booktitle = {Proceedings of the Annual Hawaii International Conference on System Sciences},
doi = {10.1109/HICSS.2015.565},
isbn = {9781479973675},
issn = {15301605},
keywords = {Active disks,Analytics,BI in the cloud,Business intelligence,Cloud computing,Non-volatile memory,Object 
orientation,Storage systems,Supply chain management},
pages = {4752--4761},
title = {{Fusing storage and computing for the domain of business intelligence and analytics - Research opportunities}},
volume = {2015-March},
year = {2015}
}


@inproceedings{marti2013towards,
author = {Mart{\'{i}}, Jonathan and Gasull, Daniel and Queralt, Anna and Cortes, Toni},
booktitle = {Proceedings - 2013 IEEE 9th World Congress on Services, SERVICES 2013},
doi = {10.1109/SERVICES.2013.59},
isbn = {9780768550244},
month = {jun},
organization = {IEEE},
pages = {349--355},
publisher = {IEEE},
title = {{Towards DaaS 2.0: Enriching Data Models}},
year = {2013}
}



@article{marti2013living,
author = {Mart{\'{i}}, Jonathan and Queralt, Anna and Gasull, Daniel and Cortes, Toni},
journal = {Journal of Computer Science {\&} Technology},
keywords = {big data,data as a service,data control,data sharing,enrichment,offloading,persistent objects},
number = {2},
pages = {56--63},
title = {{Living objects: towards flexible big data sharing}},
volume = {13},
year = {2013}
}

@article{marti2016,
author = {Mart{\'{i}}, Jonathan and Queralt, Anna and Gasull, Daniel and Barcelo, Alex and Costa, Juan 
Jos{\'{e}} and Cortes, Toni},
journal = {Under Minor Review in Journal of Systems and Software},
title = {dataClay: a distributed data store for effective inter-player data sharing},
year = {2016}
}


@book{date1997guide,
  title={A Guide To Sql Standard},
  author={Date, Chris J and Darwen, Hugh},
  volume={3},
  year={1997},
  publisher={Addison-Wesley Reading}
}

@article{Yang1996,
author = {Yang, Zhonghua and Duddy, Keith},
doi = {10.1145/232302.232303},
issn = {0163-5980},
journal = {SIGOPS Oper. Syst. Rev.},
number = {April 1996},
pages = {4--31},
title = {{CORBA: A Platform for Distributed Object Computi}},
volume = {30},
year = {1996}
}


@article{Mesnier2005,
author = {Mesnier, M. and Ganger, G. and Riedel, E.},
doi = {10.1109/MP.2005.1462464},
issn = {0278-6648},
journal = {IEEE Potentials},
number = {2},
title = {{Object-based storage: pushing more functionality into storage}},
volume = {24},
year = {2005}
}


@article{Weil2006,
author = {Weil, Sage a and Brandt, Scott a and Miller, Ethan L and Long, Darrell D E},
doi = {10.1.1.110.4574},
isbn = {1931971471},
journal = {Proceedings of the 7th USENIX conference on Operating systems design and implementation (OSDI)},
pages = {307--320},
title = {{Ceph : A Scalable , High-Performance Distributed File System}},
year = {2006}
}


@inproceedings{Rodeh2003,
author = {Rodeh, O. and Teperman, A.},
booktitle = {Proceedings - 20th IEEE/11th NASA Goddard Conference on Mass Storage Systems and Technologies, MSST 2003},
doi = {10.1109/MASS.2003.1194858},
isbn = {0769519148},
issn = {10519173},
keywords = {Buildings,Computer architecture,Computer network management,Computer networks,Cooperative 
caching,Distributed computing,File systems,High-speed networks,Information retrieval,Project management},
pages = {207--218},
title = {{zFS - A scalable distributed file system using object disks}},
year = {2003}
}


@book{Date1981,
  author = {Date, C. J.},
  edition = {3rd},
  isbn = {9780201144710},
  publisher = {Addison-Wesley Pub. Co},
  title = {An introduction to database systems},
  year = {1981}
}


@article{Atkinson1983,
  author = {Atkinson, M P and Bailey, P J and Chisholm, K J and Cockshott, P. W. and Morrison, R},
  doi = {10.1093/comjnl/26.4.360},
  journal = {The Computer Journal},
  pages = {360--365},
  title = {An Approach to Persistent Programming},
  volume = {26},
  year = {1983}
}


@article{Pelley2013,
  author = {Pelley, Steven and Wenisch, Tf Thomas F. and Gold, Brian T. Bt and Bridge, Bill},
  issn = {21508097},
  journal = {Proceedings of the VLDB Endowment},
  month = {oct},
  number = {2},
  pages = {121--132},
  publisher = {VLDB Endowment},
  title = {Storage management in the NVRAM era},
  volume = {7},
  year = {2013}
}


@article{Bazar2014,
  author = {Bazar, Cristina and Iosif, Cosmin Sebastian},
  journal = {Database Systems Journal},
  keywords = {cassandra; comparison; couchbase; mongodb; nosql; relational vs nosql},
  number = {2},
  pages = {49--59},
  title = {The Transition from RDBMS to NoSQL. A Comparative Analysis of Three Popular Non-Relational Solutions: 
Cassandra, MongoDB and Couchbase},
  volume = {V},
  year = {2014}
}


@article{Adamic2002,
  author = {Adamic, Lada a. and Huberman, Bernardo a},
  journal = {Glottometrics},
  keywords = {caching; networks; s law; zipf},
  pages = {143--150},
  pmid = {1116},
  title = {Zipf's Law and the Internet},
  volume = {3},
  year = {2002}
}


@article{Corporation2010,
  author = {Intersystems Corporation},
  journal = {InterSystems White Paper},
  keywords = {Cach{\{}{\'e}{\}}; ESA; high-performance; java},
  pages = {1--7},
  title = {The European Space Agency: Charting the Galaxy with Gaia Satellite and InterSystems 
Cach{\{}{\'e}{\}}},
  year = {2010}
}


@article{Pina2014,
  author = {Pina, Lu$\backslash$is and Veiga, Lu$\backslash$is and Hicks, Michael},
  doi = {10.1145/2660193.2660220},
  isbn = {9781450325851},
  issn = {15232867},
  journal = {Proceedings of the 2014 ACM International Conference on Object Oriented Programming Systems 
Languages {\&} Applications - OOPSLA '14},
  keywords = {Dynamic Software Updating; JVM; Java; Rubah},
  pages = {103--119},
  title = {Rubah: DSU for Java on a stock JVM},
  year = {2014}
}


@article{Freitas2008a,
  author = {Freitas, R. F. and Wilcke, W. W.},
  doi = {10.1147/rd.524.0439},
  isbn = {0018-8646},
  issn = {0018-8646},
  journal = {IBM Journal of Research and Development},
  number = {4.5},
  pages = {439--447},
  title = {Storage-class memory: The next storage system technology},
  volume = {52},
  year = {2008}
}


@article{Carey2012,
  author = {Carey, Michael J. and Onose, Nicola and Petropoulos, Michalis},
  doi = {10.1145/2184319.2184340},
  journal = {Communications of the ACM},
  month = {jun},
  number = {6},
  pages = {86--97},
  publisher = {ACM},
  title = {Data services},
  volume = {55},
  year = {2012}
}


@article{Cooper2010,
  author = {Cooper, Brian F. and Silberstein, Adam and Tam, Erwin and Ramakrishnan, Raghu and Sears, Russell},
  booktitle = {Proceedings of the 1st ACM symposium on Cloud computing},
  doi = {10.1145/1807128.1807152},
  isbn = {9781450300360},
  issn = {9781450300360},
  journal = {Proceedings of the 1st ACM symposium on Cloud computing - SoCC '10},
  organization = {ACM},
  pages = {143--154},
  title = {Benchmarking cloud serving systems with YCSB},
  year = {2010}
}


@article{Pukall2013,
  author = {Pukall, Mario and K{\"a}stner, Christian and Cazzola, Walter and G{\"o}tz, Sebastian and Grebhahn, 
Alexander and Schr{\"o}ter, Reimar and Saake, Gunter},
  doi = {10.1002/spe.2107},
  isbn = {0038-0644},
  issn = {00380644},
  journal = {Software: Practice and Experience},
  keywords = {dynamic software updates},
  number = {2},
  pages = {153--185},
  publisher = {Wiley Online Library},
  title = {JavAdaptor - Flexible runtime updates of Java applications},
  volume = {43},
  year = {2013}
}


@article{Dean2008,
  arxivid = {10.1.1.163.5292},
  author = {Dean, Jeffrey and Ghemawat, Sanjay},
  doi = {10.1145/1327452.1327492},
  eprint = {10.1.1.163.5292},
  isbn = {9781595936868},
  issn = {00010782},
  journal = {Communications of the ACM},
  number = {1},
  pages = {107--113},
  pmid = {11687618},
  publisher = {ACM},
  title = {{MapReduce}: simplified data processing on large clusters},
  volume = {51},
  year = {2008}
}


@inproceedings{Piernas2007,
  author = {Piernas, Juan and Nieplocha, Jarek and Felix, Evan J},
  booktitle = {Proceedings of the 2007 ACM/IEEE conference on Supercomputing},
  doi = {10.1145/1362622.1362660},
  isbn = {9781595937643},
  journal = {Proceedings of the 2007 ACMIEEE Conference on Supercomputing SC 07},
  number = {1},
  organization = {ACM},
  pages = {28},
  title = {Evaluation of {Active Storage} strategies for the {Lustre} parallel file system},
  year = {2007}
}


@article{OReilly2007,
author = {O'Reilly, Tim},
doi = {10.2139/ssrn.1008839},
isbn = {9783642161070},
issn = {11578637},
journal = {Design},
pages = {17--37},
pmid = {18304781},
title = {{What Is Web 2.0: Design Patterns and Business Models for the Next Generation of Software}},
volume = {65},
year = {2007}
}



@inproceedings{Demchenko2014,
author = {Demchenko, Yuri and {De Laat}, Cees and Membrey, Peter},
booktitle = {2014 International Conference on Collaboration Technologies and Systems, CTS 2014},
doi = {10.1109/CTS.2014.6867550},
isbn = {9781479951567},
keywords = {Big Data Architecture Framework (BDAF),Big Data Ecosystem,Big Data Infrastructure (BDI),Big Data Lifecycle 
Management (BDLM),Big Data Technology,Cloud based Big Data Infrastructure Services},
month = {may},
pages = {104--112},
publisher = {IEEE},
title = {{Defining architecture components of the Big Data Ecosystem}},
year = {2014}
}



@article{Battle2008,
author = {Battle, Robert and Benson, Edward},
doi = {10.1016/j.websem.2007.11.002},
isbn = {1570-8268},
issn = {15708268},
journal = {Web Semantics},
keywords = {Representational State Transfer,Semantic Web,Web 2.0,Web Services},
number = {1},
pages = {61--69},
title = {{Bridging the semantic Web and Web 2.0 with Representational State Transfer (REST)}},
volume = {6},
year = {2008}
}


@inproceedings{Han2014,
author = {Han, Jae Il and Kim, Young Man and Lee, Jaeyoul},
booktitle = {International Conference on ICT Convergence},
doi = {10.1109/ICTC.2014.6983212},
isbn = {9781479967865},
issn = {21621241},
keywords = {Energy-efficeint,Next generation nonvolatile RAM,Write-back},
pages = {563--568},
title = {{Achieving energy-efficiency with a next generation NVRAM-based SSD}},
year = {2014}
}

@article{artur2016nvram,
  title={NVRAM as Main Storage of Parallel File System.},
  author={Artur, Malinowski},
  journal={Journal of Computer Science \& Control Systems},
  volume={9},
  number={1},
  year={2016}
}

@article{Inoue2013,
author = {Inoue, Takuro and Aikebaier, Ailixier and Enokido, Tomoya and Takizawa, Makoto},
doi = {10.1016/j.mcm.2012.11.021},
isbn = {0895-7177},
issn = {08957177},
journal = {Mathematical and Computer Modelling},
keywords = {Computation processes,Energy-aware server selection algorithm,Green IT technology,Power consumption 
models,Storage processes},
number = {5-6},
pages = {1475--1488},
title = {{Power consumption and processing models of servers in computation and storage based applications}},
volume = {58},
year = {2013}
}

@inproceedings{Welch2013,
author = {Welch, Brent and Noer, Geoffrey},
booktitle = {IEEE Symposium on Mass Storage Systems and Technologies},
doi = {10.1109/MSST.2013.6558449},
isbn = {9781479902170},
issn = {21601968},
keywords = {HPC,OSD,SSD,file systems,parallel file system},
month = {may},
pages = {1--12},
publisher = {IEEE},
title = {{Optimizing a hybrid SSD/HDD HPC storage system based on file size distributions}},
year = {2013}
}


@inproceedings{Nuns2008,
author = {Nuns, Thierry and Duzellier, Sophie and Bertrand, Jean and Hubert, Guillaume and Pouget, Vincent and Darracq, 
Frederic and David, Jean Pierre and Soonckindt, Sabine},
booktitle = {IEEE Transactions on Nuclear Science},
doi = {10.1109/TNS.2008.920255},
isbn = {9781424417049},
issn = {00189499},
keywords = {Heavy ion,Laser mapping,Nonvolatile memories,Single-event effect,Total dose},
pages = {1982--1991},
title = {{Evaluation of recent technologies of nonvolatile RAM}},
volume = {55},
year = {2008}
}


@misc{Zhou2016,
author = {Zhou, Mi and Chen, Xiaogang and Liu, Yang and Li, Shunfen and Li, Gezi and Li, Xiaoyun and Song, Zhitang},
booktitle = {IEICE Electronics Express},
doi = {10.1587/elex.13.20151045},
issn = {13492543},
keywords = {File system,NVRAM,Performance,VFS},
number = {4},
pages = {20151045--20151045},
publisher = {The Institute of Electronics, Information and Communication Engineers},
title = {{Design and implementation of a random access file system for NVRAM}},
volume = {13},
year = {2016}
}


@inproceedings{Zhang2012,
author = {Zhang, Fan and Docan, Ciprian and Parashar, Manish and Klasky, Scott and Podhorszki, Norbert and Abbasi, 
Hasan},
booktitle = {Proceedings of the 2012 IEEE 26th International Parallel and Distributed Processing Symposium, IPDPS 2012},
doi = {10.1109/IPDPS.2012.122},
isbn = {9780769546759},
issn = {1530-2075},
keywords = {coupled simulations,data-centric task mapping,data-intensive application work?ows,in-situ application 
execution},
pages = {1352--1363},
title = {{Enabling in-situ execution of coupled scientific workflow on multi-core platform}},
year = {2012}
}

@inproceedings{Docan2011,
author = {Docan, Ciprian and Parashar, Manish and Cummings, Julian and Klasky, Scott},
booktitle = {2011 IEEE International Parallel {\&} Distributed Processing Symposium},
doi = {10.1109/IPDPS.2011.120},
isbn = {978-1-61284-372-8},
month = {may},
pages = {758--769},
publisher = {IEEE},
title = {{Moving the Code to the Data - Dynamic Code Deployment Using ActiveSpaces}},
year = {2011}
}

@article{Docan2012,
author = {Docan, Ciprian and Parashar, Manish and Klasky, Scott},
doi = {10.1007/s10586-011-0162-y},
issn = {1386-7857},
journal = {Cluster Computing},
month = {jun},
number = {2},
pages = {163--181},
publisher = {Springer US},
title = {{DataSpaces: an interaction and coordination framework for coupled simulation workflows}},
volume = {15},
year = {2012}
}



@inproceedings{Romanus2016,
address = {New York, New York, USA},
author = {Romanus, Melissa and Klasky, Scott and Chang, Choong-Seock and Rodero, Ivan and Zhang, Fan and Jin, Tong and 
Sun, Qian and Bui, Hoang and Parashar, Manish and Choi, Jong and Janhunen, Saloman and Hager, Robert},
booktitle = {Proceedings of the ACM International Workshop on Data-Intensive Distributed Computing - DIDC '16},
doi = {10.1145/2912152.2912157},
isbn = {9781450343527},
keywords = {as a service,coupled workflows,data management,data staging,dynamic 
workflow,in-memory,in-situ,node-local,scientific workflows},
pages = {37--44},
publisher = {ACM Press},
title = {{Persistent Data Staging Services for Data Intensive In-situ Scientific Workflows}},
year = {2016}
}


@inproceedings{Qiu2013,
author = {Qiu, Sheng and {Narasimha Reddy}, A. L.},
booktitle = {IEEE Symposium on Mass Storage Systems and Technologies},
doi = {10.1109/MSST.2013.6558434},
isbn = {9781479902170},
issn = {21601968},
title = {{NVMFS: A hybrid file system for improving random write in nand-flash SSD}},
year = {2013}
}


@inproceedings{Wu2011,
author = {Wu, Xiaojian and Reddy, A. L. Narasimha},
booktitle = {Proceedings of 2011 International Conference for High Performance Computing, Networking, Storage and 
Analysis (SC11)},
doi = {10.1145/2063384.2063436},
isbn = {9781450307710},
issn = {15533077},
pages = {39:1 -- 39:11},
title = {{SCMFS: A File System for Storage Class Memory}},
year = {2011}
}


@article{bachman1965integrated,
  title={Integrated data store},
  author={Bachman, Charles W},
  journal={DPMA Quarterly},
  volume={1},
  number={2},
  pages={10--30},
  year={1965}
}

@article{Codd1970,
archivePrefix = {arXiv},
arxivId = {arXiv:1011.1669v3},
author = {Codd, E. F.},
doi = {10.1145/357980.358007},
eprint = {arXiv:1011.1669v3},
isbn = {0001-0782},
issn = {00010782},
journal = {Communications of the ACM},
number = {1},
pages = {64--69},
pmid = {9617087},
title = {{A relational model of data for large shared data banks}},
volume = {26},
year = {1970}
}


@article{michelson2006event,
  title={Event-driven architecture overview},
  author={Michelson, Brenda M},
  journal={Patricia Seybold Group},
  volume={2},
  year={2006}
}

@book{Stonebraker1998,
author = {Stonebraker, Michael. and Moore, Dorothy. and Brown, Paul},
isbn = {1558604529},
pages = {216},
publisher = {Morgan Kaufmann Publishers},
title = {{Object-Relational DBMSs: Tracking the Next Great Wave}},
year = {1998}
}


@article{Maier1986,
author = {Maier, David and Stein, Jacob and Otis, Allen and Purdy, Alan},
doi = {10.1145/960112.28746},
isbn = {0897912047},
issn = {03621340},
journal = {ACM SIGPLAN Notices},
number = {11},
pages = {472--482},
title = {{Development of an object-oriented DBMS}},
volume = {21},
year = {1986}
}


@article{Garcia-Molina1992,
author = {Garcia-Molina, Hector and Salem, Kenneth},
doi = {10.1109/69.180602},
isbn = {1041-4347},
issn = {10414347},
journal = {IEEE Transactions on Knowledge and Data Engineering},
keywords = {Access methods,application programming interface,commit processing,concurrency control,data clustering,data 
representation,main memory database system (MMDB),query processing,recovery},
number = {6},
pages = {509--516},
title = {{Main Memory Database Systems: An Overview}},
volume = {4},
year = {1992}
}


@inproceedings{JingHan2011,
author = {{Jing Han} and {Haihong E} and {Guan Le} and {Jian Du}},
booktitle = {2011 6th International Conference on Pervasive Computing and Applications},
doi = {10.1109/ICPCA.2011.6106531},
isbn = {978-1-4577-0208-2},
month = {oct},
pages = {363--366},
publisher = {IEEE},
title = {{Survey on NoSQL database}},
year = {2011}
}

@article{Cattell2011,
author = {Cattell, Rick},
doi = {10.1145/1978915.1978919},
issn = {01635808},
journal = {ACM SIGMOD Record},
month = {may},
number = {4},
pages = {12},
publisher = {ACM},
title = {{Scalable SQL and NoSQL data stores}},
volume = {39},
year = {2011}
}

@inproceedings{McCarthy1989,
address = {New York, New York, USA},
author = {McCarthy, Dennis and Dayal, Umeshwar},
booktitle = {Proceedings of the 1989 ACM SIGMOD international conference on Management of data - SIGMOD '89},
doi = {10.1145/67544.66946},
isbn = {0897913175},
issn = {01635808},
pages = {215--224},
publisher = {ACM Press},
title = {{The architecture of an active database management system}},
volume = {18},
year = {1989}
}


@article{Paton1999,
  author = {Paton, Norman W. and D{\'{i}}az, Oscar},
  doi = {10.1145/311531.311623},
  isbn = {0360-0300},
  issn = {03600300},
  journal = {ACM Computing Surveys (CSUR)},
  number = {1},
  pages = {63--103},
  title = {{Active database systems}},
  volume = {31},
  year = {1999}
}

@article{fette2011websocket,
  title={The websocket protocol (rfc6455)},
  issn = {2070-1721},
  author={Fette, Ian},
  year={2011}
}

@article{Guinard2009,
  author = {Guinard, Dominique and Trifa, Vlad},
  doi = {10.1.1.155.3238},
  isbn = {978-1-4244-6313-8},
  journal = {Workshop on Mashups, Enterprise Mashups and Lightweight Composition on the Web (MEM 2009)},
  pages = {1--8},
  title = {{Towards the Web of Things : Web Mashups for Embedded Devices}},
  year = {2009}
}

@article{Rabl2012,
archivePrefix = {arXiv},
arxivId = {1208.4167},
author = {Rabl, Tilmann and G{\'{o}}mez-Villamor, S},
doi = {10.14778/2367502.2367512},
eprint = {1208.4167},
isbn = {2150-8097},
issn = {21508097},
journal = {Proceedings of the VLDB Endowment},
pages = {1724--1735},
title = {{Solving big data challenges for enterprise application performance management}},
volume = {5},
year = {2012}
}


@article{Kang2016,
  author = {Kang, Yong-Shin and Park, Il-Ha and Rhee, Jongtae and Lee, Yong-Han},
  doi = {10.1109/JSEN.2015.2483499},
  issn = {1530-437X},
  journal = {IEEE Sensors Journal},
  month = {jan},
  number = {2},
  pages = {485--497},
  title = {{MongoDB-Based Repository Design for IoT-Generated RFID/Sensor Big Data}},
  volume = {16},
  year = {2016}
}

@inproceedings{Tejedor2008,
author = {Tejedor, Enric and Badia, Rosa M.},
booktitle = {Proceedings CCGRID 2008 - 8th IEEE International Symposium on Cluster Computing and the Grid},
doi = {10.1109/CCGRID.2008.104},
isbn = {9780769531564},
month = {may},
pages = {185--193},
publisher = {IEEE},
title = {{COMP superscalar: Bringing GRID superscalar and GCM together}},
year = {2008}
}

@inproceedings{Zhao2009,
author = {Zhao, Weizhong and Ma, Huifang and He, Qing},
booktitle = {Lecture Notes in Computer Science (including subseries Lecture Notes in Artificial Intelligence and 
Lecture 
Notes in Bioinformatics)},
doi = {10.1007/978-3-642-10665-1_71},
isbn = {3642106641},
issn = {03029743},
keywords = {Data mining,Hadoop,K-means,MapReduce,Parallel clustering},
pages = {674--679},
publisher = {Springer Berlin Heidelberg},
title = {{Parallel K-means clustering based on MapReduce}},
volume = {5931 LNCS},
year = {2009}
}

@article{Schmuck2002,
author = {Schmuck, F and Haskin, R},
isbn = {1-880446-03-0},
journal = {Proceedings of the First USENIX Conference on File and Storage Technologies},
number = {January},
pages = {231--244},
title = {{GPFS: A Shared-Disk File System for Large Computing Clusters}},
year = {2002}
}

@article{Guo2015,
author = {Guo, Kehua and Pan, Wei and Lu, Mingming and Zhou, Xiaoke and Ma, Jianhua},
doi = {10.1016/j.jss.2014.09.016},
issn = {01641212},
journal = {Journal of Systems and Software},
pages = {207--216},
title = {{An effective and economical architecture for semantic-based heterogeneous multimedia big data retrieval}},
volume = {102},
year = {2015}
}

@article{Touya2010,
author = {Touya, Guillaume},
doi = {10.1111/j.1467-9671.2010.01215.x},
issn = {13611682},
journal = {Transactions in GIS},
month = {oct},
number = {5},
pages = {595--614},
publisher = {Blackwell Publishing Ltd},
title = {{A Road Network Selection Process Based on Data Enrichment and Structure Detection}},
volume = {14},
year = {2010}
}

@article{Wong2008,
author = {Wong, Roger C F and Leung, Clement H C},
doi = {10.1109/TPAMI.2008.125},
isbn = {2007090635},
issn = {01628828},
journal = {IEEE Transactions on Pattern Analysis and Machine Intelligence},
keywords = {Decision trees,Feature extraction,Image annotation,Image retrieval,Image semantics,Metadata,Rule 
induction,Scene analysis},
number = {11},
pages = {1933--1944},
pmid = {18787242},
title = {{Automatic semantic annotation of real-world web images}},
volume = {30},
year = {2008}
}

@inproceedings{Ireland2009,
author = {Ireland, Christopher and Bowers, David and Newton, Michael and Waugh, Kevin},
booktitle = {Proceedings - 2009 1st International Conference on Advances in Databases, Knowledge, and Data Applications, 
DBKDA 2009},
doi = {10.1109/DBKDA.2009.11},
isbn = {9780769535500},
pages = {36--43},
publisher = {IEEE},
title = {{A classification of object-relational impedance mismatch}},
year = {2009}
}

@article{Keller1993,
author = {Keller, Arthur M. and Jensen, Richard and Agarwal, Shailesh},
doi = {10.1145/170036.171541},
isbn = {0-89791-592-5},
issn = {01635808},
journal = {ACM SIGMOD Record},
number = {2},
pages = {523--528},
title = {{Persistence software: bridging object-oriented programming and relational databases}},
volume = {22},
year = {1993}
}

@article{Pillet1995,
author = {Pillet, V and Labarta, J and Cortes, T and Girona, S},
isbn = {90 5199 222 X},
journal = {Proceedings of WoTUG-18: Transputer and occam Developments},
pages = {17--31},
title = {{PARAVER: A Tool to Visualize and Analyze Parallel Code}},
year = {1995}
}


@article{Braam2004,
author = {Braam, Peter J},
doi = {10.1001/archpediatrics.2008.533},
journal = {Change},
pages = {1--23},
title = {{The Lustre Storage Architecture}},
volume = {23},
year = {2004}
}

@incollection{Kaashoek2003,
author = {Kaashoek, M. Frans and Karger, David R.},
doi = {10.1007/978-3-540-45172-3_9},
pages = {98--107},
publisher = {Springer Berlin Heidelberg},
title = {{Koorde: A Simple Degree-Optimal Distributed Hash Table}},
year = {2003}
}

@inproceedings{Li2013,
author = {Li, Tonglin and Zhou, Xiaobing and Brandstatter, Kevin and Zhao, Dongfang and Wang, Ke and Rajendran, Anupam 
and Zhang, Zhao and Raicu, Ioan},
booktitle = {Proceedings - IEEE 27th International Parallel and Distributed Processing Symposium, IPDPS 2013},
doi = {10.1109/IPDPS.2013.110},
isbn = {978-1-4673-6066-1},
issn = {1530-2075},
keywords = {Distributed hash tables,high-end computing,key/value stores},
month = {may},
pages = {775--787},
publisher = {IEEE},
title = {{ZHT: A light-weight reliable persistent dynamic scalable zero-hop distributed hash table}},
year = {2013}
}

@misc{Lua2005,
author = {Lua, Eng Keong and Crowcroft, Jon and Pias, Marcelo and Sharma, Ravi and Lim, Steven},
booktitle = {IEEE Communications Surveys and Tutorials},
doi = {10.1109/COMST.2005.1610546},
isbn = {1553-877X},
issn = {1553877X},
number = {2},
pages = {72--93},
pmid = {21997713},
title = {{A survey and comparison of peer-to-peer overlay network schemes}},
volume = {7},
year = {2005}
}

@article{Gibbons2009,
author = {Gibbons, Jeremy and Oliveira, Bruno C. D. S.},
doi = {10.1017/S0956796809007291},
issn = {0956-7968},
journal = {Journal of Functional Programming},
number = {3-4},
pages = {377},
title = {{The essence of the Iterator pattern}},
volume = {19},
year = {2009}
}

@article{Ding2007,
author = {Ding, Xiaoning and Jiang, Song and Chen, Feng and Davis, Kei and Zhang, Xiaodong},
isbn = {999-8888-77-6},
journal = {2007 USENIX Annual Technical Conference on Proceedings of the USENIX Annual Technical Conference},
number = {20},
pages = {14},
title = {{DiskSeen: Exploiting Disk Layout and Access History to Enhance I/O Prefetch}},
year = {2007}
}

@article{Griffioen1994,
author = {Griffioen, Jim and Appleton, Randy},
journal = {Proceedings of the Summer 1994 USENIX Technical Conference},
number = {June},
pages = {197--207},
title = {{Reducing File System Latency using a Predictive Approach}},
year = {1994}
}

@article{VanderWiel1997,
author = {{Vander Wiel}, S.P. and Lilja, D.J.},
doi = {10.1109/2.596622},
issn = {00189162},
journal = {Computer},
month = {jul},
number = {7},
pages = {23--30},
publisher = {IEEE Computer Society Press},
title = {{When caches aren't enough: data prefetching techniques}},
volume = {30},
year = {1997}
}

@article{Goel2006,
author = {Goel, S and Buyya, R},
doi = {10.4018/978-1-59904-180-3.ch009},
isbn = {9781599041803},
journal = {Enterprise Service Computing: From Concept to Deployment},
pages = {211--241},
title = {{Data replication strategies in wide area distributed systems}},
year = {2006}
}

@article{Ranganathan2001,
author = {Ranganathan, Kavitha and Foster, Ian},
doi = {10.1007/3-540-45644-9_8},
isbn = {9783540429494},
issn = {16113349},
journal = {In Proc. of the International Grid Computing Workshop},
pages = {75--86},
title = {{Identifying dynamic replication strategies for a high-performance data grid}},
volume = {2242},
year = {2001}
}

@inproceedings{Lamehamedi2002,
author = {Lamehamedi, H. and Szymanski, B. and Shentu, Z. and Deelman, E.},
booktitle = {Proceedings - 5th International Conference on Algorithms and Architectures for Parallel Processing, ICA3PP 
2002},
doi = {10.1109/ICAPP.2002.1173605},
isbn = {0769515126},
pages = {378--383},
title = {{Data replication strategies in grid environments}},
year = {2002}
}

@article{Barabash2005,
author = {Barabash, Katherine and Ben-Yitzhak, Ori and Goft, Irit and Kolodner, Elliot K. and Leikehman, Victor and 
Ossia, Yoav and Owshanko, Avi and Petrank, Erez},
doi = {10.1145/1108970.1108972},
issn = {01640925},
journal = {ACM Transactions on Programming Languages and Systems},
keywords = {Garbage collection,JVM,concurrent garbage collection},
month = {nov},
number = {6},
pages = {1097--1146},
publisher = {ACM},
title = {{A parallel, incremental, mostly concurrent garbage collector for servers}},
volume = {27},
year = {2005}
}

@article{Pugsley2014,
doi = {10.1109/MM.2014.54},
issn = {02721732},
journal = {IEEE Micro},
keywords = {Big data,Map Reduce,Near data processing,Parallel architectures,near data computing},
month = {jul},
number = {4},
pages = {44--52},
title = {{Comparing implementations of near-data computing with in-memory mapreduce workloads}},
volume = {34},
year = {2014}
}

@inproceedings{Zhao2014,
author = {Zhao, Dongfang and Zhang, Zhao and Zhou, Xiaobing and Li, Tonglin and Wang, Ke and Kimpe, Dries and Carns, 
Philip and Ross, Robert and Raicu, Ioan},
booktitle = {Proceedings - 2014 IEEE International Conference on Big Data, IEEE Big Data 2014},
doi = {10.1109/BigData.2014.7004214},
isbn = {9781479956654},
month = {oct},
pages = {61--70},
publisher = {IEEE},
title = {{FusionFS: Toward supporting data-intensive scientific applications on extreme-scale high-performance computing 
systems}},
year = {2015}
}
@inproceedings{Veiga2005,
author = {Veiga, Lu{\'{i}}s and Ferreira, Paulo},
booktitle = {Proceedings - 19th IEEE International Parallel and Distributed Processing Symposium, IPDPS 2005},
doi = {10.1109/IPDPS.2005.113},
isbn = {0769523129},
pages = {24a--24a},
publisher = {IEEE},
title = {{Asynchronous complete distributed garbage collection}},
volume = {2005},
year = {2005}
}
@article{Pizlo2007,
address = {New York, New York, USA},
author = {Pizlo, Filip and Frampton, Daniel and Petrank, Erez and Steensgaard, Bjarne},
doi = {10.1145/1296907.1296927},
isbn = {9781595938930},
journal = {System},
keywords = {concurrency,garbage collection,lock-,real-time},
pages = {159--172},
publisher = {ACM Press},
title = {{STOPLESS : A Real-Time Garbage Collector for Multiprocessors}},
year = {2007}
}

@inproceedings{Wang2014,
author = {Wang, Ke and Zhou, Xraobing and Li, Tonglin and Zhao, Dongfang and Lang, Michael and Raicu, Ioan},
booktitle = {2014 IEEE International Conference on Big Data (Big Data)},
doi = {10.1109/BigData.2014.7004220},
isbn = {978-1-4799-5666-1},
month = {oct},
pages = {119--128},
publisher = {IEEE},
title = {{Optimizing load balancing and data-locality with data-aware scheduling}},
year = {2014}
}

@book{Feuerstein1997,
author = {Feuerstein, Steven. and Pribyl, Bill},
isbn = {1565923359},
pages = {987},
publisher = {O'Reilly {\&} Associates},
title = {{Oracle PL/SQL programming}},
year = {1997}
}

@book{Henderson2000,
author = {Henderson, Ken. and Ken},
isbn = {0201615762},
pages = {551},
publisher = {Addison-Wesley},
title = {{The guru's guide to Transact-SQL}},
year = {2000}
}

@book{Momjian2001,
author = {Momjian, Bruce. and Bruce},
isbn = {0201703319},
pages = {461},
publisher = {Addison-Wesley},
title = {{PostgreSQL : introduction and concepts}},
year = {2001}
}


@book{Melton1998,
author = {Melton, Jim and Jim},
isbn = {1558604618},
pages = {343},
publisher = {Morgan Kaufmann Publishers},
title = {{Understanding SQL's stored procedures : a complete guide to SQL/PSM}},
year = {1998}
}


@article{Gupta1995,
author = {Gupta, Ashish and Mumick, Inderpal Singh},
doi = {10.1.1.54.8087},
isbn = {0262571226},
journal = {IEEE Data Engineering Bulletin},
pages = {3--18},
title = {{Maintenance of Materialized Views: Problems, Techniques, and Applications}},
volume = {18},
year = {1995}
}


@book{Holt2011,
author = {Holt, Bradley},
publisher = {USA: O'Reilly Media},
isbn = {9781449303129},
pages = {76},
title = {{MapReduce Views in CouchDB}},
year = {2011}
}

@misc{Rabl2014,
author = {Rabl, Tilmann and Jacobsen, Hans-Arno},
booktitle = {Proceedings of 24th Annual International Conference on Computer Science and Software Engineering},
pages = {351--354},
publisher = {IBM Corp.},
title = {{Materialized views in Cassandra}},
year = {2014}
}

@book{Nascimento2004,
author = {Nascimento, Mario A. and Moerkotte, Guido},
booktitle = {Proceedings of the Thirtieth international conference on Very large data bases - Volume 30},
isbn = {0120884690},
pages = {1380},
publisher = {Morgan Kaufmann Publishers},
title = {{Proceedings of the Thirtieth International Conference on Very Large Data Bases : Toronto, Canada, August 
31-September 3, 2004}},
year = {2004}
}

@article{juday2005using,
  title={Using DDL triggers to manage SQL server 2005},
  author={Juday, Jeffrey},
  journal={Database Journal,[Online]},
  pages={1--4},
  year={2005}
}


@article{Lamb1991,
author = {Lamb, Charles and Landis, Gordon and Orenstein, Jack and Weinreb, Dan},
doi = {10.1145/125223.125244},
isbn = {0001-0782},
issn = {00010782},
journal = {Communications of the ACM},
keywords = {C++,ObjectStore,database (persistent) programming languages,object-oriented programming},
month = {oct},
number = {10},
pages = {50--63},
publisher = {ACM},
title = {{The ObjectStore database system}},
volume = {34},
year = {1991}
}

@inproceedings{Viara,
author = {Viara, E. and Barillot, E. and Vaysseix, G.},
booktitle = {Proceedings. IDEAS'99. International Database Engineering and Applications Symposium (Cat. No.PR00265)},
doi = {10.1109/IDEAS.1999.787290},
isbn = {0-7695-0265-2},
pages = {390--402},
publisher = {IEEE Comput. Soc},
title = {{The EYEDB OODBMS}},
year= {1999}
}

@inproceedings{Bakshi2012,
archivePrefix = {arXiv},
arxivId = {arXiv:cond-mat/0402594v3},
author = {Bakshi, Kapil},
booktitle = {IEEE Aerospace Conference Proceedings},
doi = {10.1109/AERO.2012.6187357},
eprint = {0402594v3},
isbn = {9781457705564},
issn = {1095323X},
month = {mar},
pages = {1--7},
primaryClass = {arXiv:cond-mat},
publisher = {IEEE},
title = {{Considerations for big data: Architecture and approach}},
year = {2012}
}

@article{Pokorny2013,
author = {Pokorny, Jaroslav},
doi = {10.1145/2494444.2494447},
isbn = {9781450319768},
issn = {1744-0084},
journal = {Proceedings of the International C* Conference on Computer Science and Software Engineering - C3S2E '13},
keywords = {NoSQL databases,database management systems (DBMS)},
number = {September},
pages = {14--22},
publisher = {ACM Press},
title = {{NoSQL databases: a step to database scalability in Web environment}},
volume = {9},
year = {2013}
}

@article{Bal2010,
author = {Bal, Henri E. and Maassen, Jason and {Van Nieuwpoort}, Rob V. and Drost, Niels and Kemp, Roelof and {Van 
Kessel}, Timo and Palmer, Nick and Wrzesiska, Gosia and Kielmann, Thilo and {Van Reeuwijk}, Kees and Seinstra, Frank J. 
and Jacobs, Ceriel J H and Verstoep, Kees},
doi = {10.1109/MC.2010.184},
issn = {00189162},
journal = {Computer},
keywords = {Distributed programming,Distributed systems,Java,Scientific computing,Systems engineering},
number = {8},
pages = {54--62},
title = {{Real-world distributed computer with Ibis}},
volume = {43},
year = {2010}
}

@article{Wilde2011,
author = {Wilde, Michael and Hategan, Mihael and Wozniak, Justin M. and Clifford, Ben and Katz, Daniel S. and Foster, 
Ian},
doi = {10.1016/j.parco.2011.05.005},
isbn = {0167-8191},
issn = {01678191},
journal = {Parallel Computing},
keywords = {Dataflow,Parallel programming,Scripting,Swift},
number = {9},
pages = {633--652},
title = {{Swift: A language for distributed parallel scripting}},
volume = {37},
year = {2011}
}

@article{Deelman2015,
archivePrefix = {arXiv},
arxivId = {arXiv:1011.1669v3},
author = {Deelman, Ewa and Vahi, Karan and Juve, Gideon and Rynge, Mats and Callaghan, Scott and Maechling, Philip J. 
and Mayani, Rajiv and Chen, Weiwei and {Ferreira Da Silva}, Rafael and Livny, Miron and Wenger, Kent},
doi = {10.1016/j.future.2014.10.008},
eprint = {arXiv:1011.1669v3},
isbn = {9788578110796},
issn = {0167739X},
journal = {Future Generation Computer Systems},
keywords = {Pegasus,Scientific workflows,Workflow management system},
pages = {17--35},
pmid = {25246403},
title = {{Pegasus, a workflow management system for science automation}},
volume = {46},
year = {2015}
}

@inproceedings{Zaharia2010,
archivePrefix = {arXiv},
arxivId = {arXiv:1011.1669v3},
author = {Zaharia, Matei and Chowdhury, Mosharaf and Franklin, Michael J and Shenker, Scott and Stoica, Ion},
booktitle = {HotCloud'10 Proceedings of the 2nd USENIX conference on Hot topics in Cloud Computing},
doi = {10.1007/s00256-009-0861-0},
eprint = {arXiv:1011.1669v3},
issn = {03642348},
pages = {10},
pmid = {20205351},
title = {{Spark: Cluster Computing with Working Sets}},
year = {2010}
}

@article{Wolstencroft2013,
author = {Wolstencroft, Katherine and Haines, Robert and Fellows, Donal and Williams, Alan and Withers, David and Owen, 
Stuart and Soiland-Reyes, Stian and Dunlop, Ian and Nenadic, Aleksandra and Fisher, Paul and Bhagat, Jiten and 
Belhajjame, Khalid and Bacall, Finn and Hardisty, Alex and {Nieva de la Hidalga}, Abraham and {Balcazar Vargas}, Maria 
P. and Sufi, Shoaib and Goble, Carole},
doi = {10.1093/nar/gkt328},
issn = {13624962},
journal = {Nucleic acids research},
number = {Web Server issue},
pmid = {23640334},
title = {{The Taverna workflow suite: designing and executing workflows of Web Services on the desktop, web or in the 
cloud.}},
volume = {41},
year = {2013}
}


%%%%%%%%%%%%%%%%%%%%%%%%%%%%%% MISC REFS

@misc{TopmostPYPL,
  author = {Pierre Carbonnelle},
  howpublished = {\url{http://pypl.github.io/PYPL.html}},
  title = {PYPL PopularitY of Programming Language}
}

@misc{mongotriggers,
  howpublished = {\url{https://github.com/iddogino/mongoTriggers}},
  title = {mongo-triggers},
  note = {(accessed 2016-10-23)},
  year = 2014
}

@misc{CacheObjectDB,
  author = {InterSystems},
  howpublished = {\url{http://intersystems.com/our-products/cache/cache-overview/}},
  note = {(accessed 2016-10-23)},
  title = {Cach{\'e} - High Performance Object Database}
}

@misc{Redis,
  author = {Salvatore Sanfilippo},
  howpublished = {\url{http://redis.io}},
  note = {(accessed 2016-10-23)},
  title = {Redis}
}

@misc{Db4o,
  author = {Versant Corporation},
  howpublished = {\url{http://db4o.com}},
  note = {(accessed 2015-09-30)},
  title = {db4o (database for objects)}
}

@misc{Cassandra,
  author = {Apache Software Foundation},
  howpublished = {\url{http://cassandra.apache.org}},
  note = {(accessed: 2015-10-2)},
  title = {Apache Cassandra Project}
}

@misc{Neo4j,
  author = {Neo Technology},
  howpublished = {\url{http://neo4j.com}},
  note = {(accessed: 2016-1-14)},
  title = {Neo4j}
}

@misc{PostgreSQL,
  author = {The PostgreSQL Global Development Group},
  howpublished = {\url{http://postgresql.org}},
  note = {(accessed: 2016-3-8)},
  title = {PostgreSQL}
}

@misc{KineticDrives,
  author = {Seagate},
  howpublished = {\url{http://seagate.com/products/enterprise-servers-storage/nearline-storage/kinetic-hdd}},
  note = {(accessed: 2016-2-1)},
  title = {Kinetic Hard Drive for Scale-Out Object Storage}
}
@misc{Netty,
  author = {The Netty Project},
  howpublished = {\url{http://netty.io}},
  note = {(accessed: 2015-12-2)},
  title = {Netty}
}

@misc{MongoDB,
  author = {MongoDB Inc.},
  howpublished = {\url{http://mongodb.org}},
  note = {(accessed: 2015-11-7)},
  title = {MongoDB}
}


@misc{DBranking,
  author = {DB-engines},
  howpublished = {\url{http://db-engines.com/en/ranking}},
  note = {(accessed: 2016-3-18)},
  title = {Knowledge Base of Relational and NoSQL Database Management Systems}
}

@misc{Oracle,
  author = {Oracle},
  howpublished = {\url{http://oracle.com/database}},
  note = {(accessed: 2015-12-3)},
  title = {Oracle Database}
}

@misc{MicrosoftSQLServer,
  author = {Microsoft},
  howpublished = {\url{http://microsoft.com/es-es/server-cloud/products/sql-server}},
  note = {(accessed: 2015-12-4)},
  title = {SQL Server}
}

@misc{Hbase,
  author = {Apache Software Foundation},
  howpublished = {\url{http://hbase.apache.org}},
  note = {(accessed: 2016-1-5)},
  title = {Hbase}
}

@misc{Hibernate,
  author = {Red Hat},
  howpublished = {\url{http://hibernate.org}},
  note = {(accessed: 2016-1-14)},
  title = {Hibernate}
}

@misc{DataNucleus,
  author = {DataNucleus},
  howpublished = {\url{http://datanucleus.org}},
  note = {(accessed: 2016-2-5)},
  title = {DataNucleus}
}

@misc{Hadoop,
  author = {Apache Software Foundation},
  howpublished = {\url{http://hadoop.apache.org}},
  note = {(accessed: 2016-1-11)},
  title = {Apache Hadoop}
}

@misc{Informix,
  author = {IBM},
  howpublished = {\url{http://ibm.com/software/data/informix/}},
  note = {(accessed: 2016-1-3)},
  title = {IBM Informix}
}

@misc{DB2,
  author = {IBM},
  howpublished = {\url{http://ibm.com/software/data/db2/}},
  note = {(accessed: 2016-1-3)},
  title = {DB2}
}

@misc{Ingres,
  author = {Actian},
  howpublished = {\url{http://actian.com/products/operational-databases/ingres/}},
  note = {(accessed: 2016-3-8)},
  title = {Ingres}
}

@misc{DynamoDB,
  author = {Amazon web services},
  howpublished = {\url{http://aws.amazon.com/dynamodb/}},
  note = {(accessed: 2016-5-18)},
  title = {DynamoDB}
}

@misc{Couchbase,
  author = {Couchbase Inc.},
  howpublished = {\url{http://www.couchbase.com}},
  note = {(accessed: 2016-2-17)},
  title = {Couchbase}
}

@misc{MareNostrum3,
  author = {Barcelona Supercomputing Center},
  title = {Mare Nostrum {III}},
  note = {(accessed 2016-10-23)},
  howpublished = {\url{https://es.wikipedia.org/wiki/MareNostrum}},
}
